<record><leader>00000cas a22000007a 4500</leader><controlfield tag="001">14205961</controlfield><controlfield tag="008">860911d186u1872inuwr ne      0    0eng d</controlfield><datafield ind1=" " ind2=" " tag="010"><subfield code="a">sn 86058744 </subfield></datafield><datafield ind1=" " ind2=" " tag="040"><subfield code="a">NPI</subfield><subfield code="b">eng</subfield><subfield code="c">NPI</subfield><subfield code="d">OCLCQ</subfield></datafield><datafield ind1=" " ind2=" " tag="042"><subfield code="a">msc</subfield></datafield><datafield ind1="0" ind2=" " tag="130"><subfield code="a">White River Valley times (Worthington, Ind. : 1869)</subfield></datafield><datafield ind1="1" ind2="4" tag="245"><subfield code="a">The White River Valley times.</subfield></datafield><datafield ind1=" " ind2=" " tag="260"><subfield code="a">Worthington, Greene County, Ind. :</subfield><subfield code="b">I.N. Morrison</subfield></datafield><datafield ind1=" " ind2=" " tag="300"><subfield code="a">v. :</subfield><subfield code="b">ill. (chiefly advertisements) ;</subfield><subfield code="c">57 cm.</subfield></datafield><datafield ind1=" " ind2=" " tag="310"><subfield code="a">Weekly</subfield></datafield><datafield ind1="1" ind2=" " tag="362"><subfield code="a">Ceased in 1872?</subfield></datafield><datafield ind1=" " ind2=" " tag="588"><subfield code="a">Description based on: Vol. 3, no. 44 (July 2, 1869).</subfield></datafield><datafield ind1=" " ind2=" " tag="752"><subfield code="a">United States</subfield><subfield code="b">Indiana</subfield><subfield code="c">Greene</subfield><subfield code="d">Worthington.</subfield></datafield><datafield ind1="0" ind2="0" tag="780"><subfield code="t">Greene County times (Bloomfield, Ind. : 1867)</subfield></datafield><datafield ind1="0" ind2="0" tag="785"><subfield code="t">Worthington times (Worthington, Ind.)</subfield><subfield code="w">(DLC)sn 84038257</subfield></datafield></record>